@video{aaron_danner_colpitts_2023,
	title = {Colpitts Oscillator Circuit Analysis (7 - Oscillators)},
	url = {https://www.youtube.com/watch?v=ES-kcNR4Ln0},
	abstract = {Let's design a radio frequency Colpitts Oscillator together.  We'll be using a common-emitter configuration bipolar transistor.

Aaron Danner is a professor in the Department of Electrical and Computer Engineering at the National University of Singapore.
http://danner.group

Video filmed and edited by Cheryl Lim.
@randomcheryl},
	author = {{Aaron Danner}},
	urldate = {2024-08-23},
	date = {2023-03-12},
}
@online{alldatasheetcom_2n3904_nodate,
	title = {2N3904 Datasheet({PDF})},
	url = {http://www.alldatasheet.com/datasheet-pdf/pdf/11470/ONSEMI/2N3904.html},
	abstract = {Part \#: 2N3904. Download. File Size: 98Kbytes. Page: 8 Pages. Description: General Purpose Transistors({NPN} Silicon). Manufacturer: {ON} Semiconductor.},
	author = {alldatasheet.com},
	urldate = {2024-08-23},
	langid = {english},
	file = {Snapshot:/home/daniel/Zotero/storage/TXMDSK4D/2N3904.html:text/html},
}

@book{razavi,
	location = {Upper Saddle River, {NJ}},
	edition = {2nd ed},
	title = {{RF} microelectronics},
	isbn = {978-0-13-713473-1},
	pagetotal = {916},
	publisher = {Prentice Hall},
	author = {Razavi, Behzad},
	date = {2012},
	langid = {english},
	keywords = {Design and construction, Radio frequency integrated circuits},
	file = {Razavi - 2012 - RF microelectronics.pdf:/home/daniel/Zotero/storage/BQ38SR8R/Razavi - 2012 - RF microelectronics.pdf:application/pdf},
}

@online{notasCurso,
	title = {Notas de clase Circuitos de {RF}},
	url = {https://classroom.google.com/w/NjU1NDAxNzY0NTMz/t/all},
	author = {Triana Infante, Cristian Andres},
	urldate = {2024-08-24},
	file = {Trabajo en clase de Circuitos de RF (2024_1):/home/daniel/Zotero/storage/52ERM5UH/all.html:text/html},
}

@online{noauthor_qucs-s_nodate,
	title = {Qucs-S: Qucs with {SPICE}},
	url = {https://ra3xdh.github.io/},
	urldate = {2024-08-25},
	file = {Qucs-S\: Qucs with SPICE:/home/daniel/Zotero/storage/2B8L525N/ra3xdh.github.io.html:text/html},
}

@book{sedra,
	location = {New York},
	edition = {Seventh edition},
	title = {Microelectronic circuits},
	isbn = {978-0-19-933913-6 978-0-19-933918-1},
	series = {The Oxford series in electrical and computer engineering},
	pagetotal = {1},
	publisher = {Oxford University Press},
	author = {Sedra, Adel S. and Smith, Kenneth C.},
	date = {2015},
	langid = {english},
	file = {Sedra and Smith - 2015 - Microelectronic circuits.pdf:/home/daniel/Zotero/storage/G6J9MD85/Sedra and Smith - 2015 - Microelectronic circuits.pdf:application/pdf},
}

@online{SIMNec,
	title = {SimNEC},
	url = {https://www.ae6ty.com/smith_charts/},
	urldate = {2024-08-25},
	langid = {american},
	file = {Snapshot:/home/daniel/Zotero/storage/N4LCWGLS/smith_charts.html:text/html},
}



